<?xml version="1.0" encoding="UTF-8"?>
  <record xmlns="http://www.loc.gov/MARC21/slim" type="Authority">
    <leader>00000nz  a2200000oc 4500</leader>
    <controlfield tag="001">118613723</controlfield>
    <controlfield tag="003">DE-101</controlfield>
    <controlfield tag="005">20200911162114.0</controlfield>
    <controlfield tag="008">880701n||azznnaabn           | aaa    |c</controlfield>
    <datafield tag="024" ind1="7" ind2=" ">
      <subfield code="a">118613723</subfield>
      <subfield code="0">http://d-nb.info/gnd/118613723</subfield>
      <subfield code="2">gnd</subfield>
    </datafield>
    <datafield tag="024" ind1="7" ind2=" ">
      <subfield code="a">0000 0001 2103 2683</subfield>
      <subfield code="2">isni</subfield>
    </datafield>
    <datafield tag="024" ind1="7" ind2=" ">
      <subfield code="a">Q692</subfield>
      <subfield code="2">wikidata</subfield>
    </datafield>
    <datafield tag="035" ind1=" " ind2=" ">
      <subfield code="a">(DE-101)118613723</subfield>
    </datafield>
    <datafield tag="035" ind1=" " ind2=" ">
      <subfield code="a">(DE-588)118613723</subfield>
    </datafield>
    <datafield tag="035" ind1=" " ind2=" ">
      <subfield code="z">(DE-588)1084293315</subfield>
    </datafield>
    <datafield tag="035" ind1=" " ind2=" ">
      <subfield code="z">(DE-588a)118613723</subfield>
      <subfield code="9">v:zg</subfield>
    </datafield>
    <datafield tag="035" ind1=" " ind2=" ">
      <subfield code="z">(DE-588a)127961615</subfield>
    </datafield>
    <datafield tag="035" ind1=" " ind2=" ">
      <subfield code="z">(DE-588a)134670159</subfield>
    </datafield>
    <datafield tag="035" ind1=" " ind2=" ">
      <subfield code="z">(DE-588a)131206583</subfield>
    </datafield>
    <datafield tag="035" ind1=" " ind2=" ">
      <subfield code="z">(DE-588a)131160834</subfield>
    </datafield>
    <datafield tag="035" ind1=" " ind2=" ">
      <subfield code="z">(DE-588a)131042203</subfield>
    </datafield>
    <datafield tag="035" ind1=" " ind2=" ">
      <subfield code="z">(DE-588a)127985425</subfield>
    </datafield>
    <datafield tag="035" ind1=" " ind2=" ">
      <subfield code="z">(DE-101c)310360153</subfield>
    </datafield>
    <datafield tag="035" ind1=" " ind2=" ">
      <subfield code="z">(DE-588c)4054714-0</subfield>
      <subfield code="9">v:zg</subfield>
    </datafield>
    <datafield tag="040" ind1=" " ind2=" ">
      <subfield code="a">DE-101</subfield>
      <subfield code="c">DE-101</subfield>
      <subfield code="9">r:DE-101</subfield>
      <subfield code="b">ger</subfield>
      <subfield code="d">0292</subfield>
      <subfield code="e">rda</subfield>
    </datafield>
    <datafield tag="042" ind1=" " ind2=" ">
      <subfield code="a">gndz</subfield>
    </datafield>
    <datafield tag="043" ind1=" " ind2=" ">
      <subfield code="c">XA-GB</subfield>
    </datafield>
    <datafield tag="065" ind1=" " ind2=" ">
      <subfield code="a">12.2p</subfield>
      <subfield code="2">sswd</subfield>
    </datafield>
    <datafield tag="065" ind1=" " ind2=" ">
      <subfield code="a">15.1p</subfield>
      <subfield code="2">sswd</subfield>
    </datafield>
    <datafield tag="075" ind1=" " ind2=" ">
      <subfield code="b">p</subfield>
      <subfield code="2">gndgen</subfield>
    </datafield>
    <datafield tag="075" ind1=" " ind2=" ">
      <subfield code="b">piz</subfield>
      <subfield code="2">gndspec</subfield>
    </datafield>
    <datafield tag="079" ind1=" " ind2=" ">
      <subfield code="a">g</subfield>
      <subfield code="q">a</subfield>
      <subfield code="q">f</subfield>
      <subfield code="q">s</subfield>
      <subfield code="q">g</subfield>
      <subfield code="q">z</subfield>
      <subfield code="q">m</subfield>
      <subfield code="q">l</subfield>
      <subfield code="q">d</subfield>
      <subfield code="u">v</subfield>
      <subfield code="u">w</subfield>
      <subfield code="u">m</subfield>
      <subfield code="u">e</subfield>
      <subfield code="u">z</subfield>
      <subfield code="u">o</subfield>
    </datafield>
    <datafield tag="100" ind1="1" ind2=" ">
      <subfield code="a">Shakespeare, William</subfield>
      <subfield code="d">1564-1616</subfield>
    </datafield>
    <datafield tag="375" ind1=" " ind2=" ">
      <subfield code="a">1</subfield>
      <subfield code="2">iso5218</subfield>
    </datafield>
    <datafield tag="400" ind1="0" ind2=" ">
      <subfield code="a">Shashibiya</subfield>
      <subfield code="d">1564-1616</subfield>
      <subfield code="9">v:Chines.</subfield>
    </datafield>
    <datafield tag="400" ind1="1" ind2=" ">
      <subfield code="a">Schakespear, William</subfield>
      <subfield code="d">1564-1616</subfield>
    </datafield>
    <datafield tag="400" ind1="0" ind2=" ">
      <subfield code="a">Schakespear</subfield>
      <subfield code="d">1564-1616</subfield>
    </datafield>
    <datafield tag="400" ind1="1" ind2=" ">
      <subfield code="a">Šaḳisper, Veilliyam</subfield>
      <subfield code="d">1564-1616</subfield>
      <subfield code="9">v:Mongol.</subfield>
    </datafield>
    <datafield tag="400" ind1="1" ind2=" ">
      <subfield code="a">Šaḳisper, Veilliyem</subfield>
      <subfield code="d">1564-1616</subfield>
      <subfield code="9">v:Mongol.</subfield>
    </datafield>
    <datafield tag="400" ind1="0" ind2=" ">
      <subfield code="a">Šaḳisper</subfield>
      <subfield code="d">1564-1616</subfield>
      <subfield code="9">v:Mongol.</subfield>
    </datafield>
    <datafield tag="400" ind1="0" ind2=" ">
      <subfield code="a">Šeḳisper</subfield>
      <subfield code="d">1564-1616</subfield>
      <subfield code="9">v:Mongol.</subfield>
    </datafield>
    <datafield tag="400" ind1="0" ind2=" ">
      <subfield code="a">Šekesper</subfield>
      <subfield code="d">1564-1616</subfield>
      <subfield code="9">v:Uigur.</subfield>
    </datafield>
    <datafield tag="400" ind1="1" ind2=" ">
      <subfield code="a">Šekesper, Wilyam</subfield>
      <subfield code="d">1564-1616</subfield>
      <subfield code="9">v:Uigur.</subfield>
    </datafield>
    <datafield tag="400" ind1="1" ind2=" ">
      <subfield code="a">Shakespeare, Guillermo</subfield>
      <subfield code="d">1564-1616</subfield>
    </datafield>
    <datafield tag="400" ind1="1" ind2=" ">
      <subfield code="a">Chekchapiyera, William</subfield>
      <subfield code="d">1564-1616</subfield>
    </datafield>
    <datafield tag="400" ind1="1" ind2=" ">
      <subfield code="a">Saixpēr, Uilliam</subfield>
      <subfield code="d">1564-1616</subfield>
    </datafield>
    <datafield tag="400" ind1="0" ind2=" ">
      <subfield code="a">Saixpēros</subfield>
      <subfield code="d">1564-1616</subfield>
    </datafield>
    <datafield tag="400" ind1="1" ind2=" ">
      <subfield code="a">Šakisbīr, Williyam</subfield>
      <subfield code="d">1564-1616</subfield>
    </datafield>
    <datafield tag="400" ind1="1" ind2=" ">
      <subfield code="a">S'egsi-pe-yar, Wi-li-am</subfield>
      <subfield code="d">1564-1616</subfield>
    </datafield>
    <datafield tag="400" ind1="0" ind2=" ">
      <subfield code="a">Sekhspír</subfield>
      <subfield code="d">1564-1616</subfield>
    </datafield>
    <datafield tag="400" ind1="1" ind2=" ">
      <subfield code="a">Šekspir, Vilijam</subfield>
      <subfield code="d">1564-1616</subfield>
    </datafield>
    <datafield tag="400" ind1="1" ind2=" ">
      <subfield code="a">Šekspir, Vil'jam</subfield>
      <subfield code="d">1564-1616</subfield>
    </datafield>
    <datafield tag="400" ind1="1" ind2=" ">
      <subfield code="a">Šekspir, V.</subfield>
      <subfield code="d">1564-1616</subfield>
    </datafield>
    <datafield tag="400" ind1="1" ind2=" ">
      <subfield code="a">Šekspir, Wiliam</subfield>
      <subfield code="d">1564-1616</subfield>
    </datafield>
    <datafield tag="400" ind1="1" ind2=" ">
      <subfield code="a">Šekspir, William</subfield>
      <subfield code="d">1564-1616</subfield>
    </datafield>
    <datafield tag="400" ind1="1" ind2=" ">
      <subfield code="a">Šekspiras, Viljamas</subfield>
      <subfield code="d">1564-1616</subfield>
    </datafield>
    <datafield tag="400" ind1="1" ind2=" ">
      <subfield code="a">Šek'spiri, Uiliam</subfield>
      <subfield code="d">1564-1616</subfield>
    </datafield>
    <datafield tag="400" ind1="1" ind2=" ">
      <subfield code="a">Šekspīrs, Viljams</subfield>
      <subfield code="d">1564-1616</subfield>
    </datafield>
    <datafield tag="400" ind1="1" ind2=" ">
      <subfield code="a">Šekspyras, V.</subfield>
      <subfield code="d">1564-1616</subfield>
    </datafield>
    <datafield tag="400" ind1="1" ind2=" ">
      <subfield code="a">Shakespear, W.</subfield>
      <subfield code="d">1564-1616</subfield>
    </datafield>
    <datafield tag="400" ind1="1" ind2=" ">
      <subfield code="a">Shakespear, William</subfield>
      <subfield code="d">1564-1616</subfield>
    </datafield>
    <datafield tag="400" ind1="1" ind2=" ">
      <subfield code="a">Shake-Spear, William</subfield>
      <subfield code="d">1564-1616</subfield>
    </datafield>
    <datafield tag="400" ind1="0" ind2=" ">
      <subfield code="a">Shakespeare</subfield>
      <subfield code="d">1564-1616</subfield>
    </datafield>
    <datafield tag="400" ind1="1" ind2=" ">
      <subfield code="a">Shakespeare, Gwilherm</subfield>
      <subfield code="d">1564-1616</subfield>
    </datafield>
    <datafield tag="400" ind1="1" ind2=" ">
      <subfield code="a">Shakespeare, W.</subfield>
      <subfield code="d">1564-1616</subfield>
    </datafield>
    <datafield tag="400" ind1="1" ind2=" ">
      <subfield code="a">Shakespeare, Wilhelm</subfield>
      <subfield code="d">1564-1616</subfield>
    </datafield>
    <datafield tag="400" ind1="1" ind2=" ">
      <subfield code="a">Shakespeare, Willhelm</subfield>
      <subfield code="d">1564-1616</subfield>
    </datafield>
    <datafield tag="400" ind1="1" ind2=" ">
      <subfield code="a">Shakespearowy, W.</subfield>
      <subfield code="d">1564-1616</subfield>
    </datafield>
    <datafield tag="400" ind1="1" ind2=" ">
      <subfield code="a">Shake-Speare, William</subfield>
      <subfield code="d">1564-1616</subfield>
    </datafield>
    <datafield tag="400" ind1="0" ind2=" ">
      <subfield code="a">Shakspear</subfield>
      <subfield code="d">1564-1616</subfield>
    </datafield>
    <datafield tag="400" ind1="0" ind2=" ">
      <subfield code="a">Shakspeare</subfield>
      <subfield code="d">1564-1616</subfield>
    </datafield>
    <datafield tag="400" ind1="1" ind2=" ">
      <subfield code="a">Shakspeare, Guglielmo</subfield>
      <subfield code="d">1564-1616</subfield>
    </datafield>
    <datafield tag="400" ind1="1" ind2=" ">
      <subfield code="a">Shakspeare, Guillaume</subfield>
      <subfield code="d">1564-1616</subfield>
    </datafield>
    <datafield tag="400" ind1="1" ind2=" ">
      <subfield code="a">Shakspeare, William</subfield>
      <subfield code="d">1564-1616</subfield>
    </datafield>
    <datafield tag="400" ind1="1" ind2=" ">
      <subfield code="a">Shak-Speare, William</subfield>
      <subfield code="d">1564-1616</subfield>
    </datafield>
    <datafield tag="400" ind1="1" ind2=" ">
      <subfield code="a">Shashibiya, William</subfield>
      <subfield code="d">1564-1616</subfield>
    </datafield>
    <datafield tag="400" ind1="1" ind2=" ">
      <subfield code="a">Sheikusupia, Uiriamu</subfield>
      <subfield code="d">1564-1616</subfield>
    </datafield>
    <datafield tag="400" ind1="1" ind2=" ">
      <subfield code="a">Sheḳspir, Ṿiliam</subfield>
      <subfield code="d">1564-1616</subfield>
    </datafield>
    <datafield tag="400" ind1="1" ind2=" ">
      <subfield code="a">Šhekspir, Viliam</subfield>
      <subfield code="d">1564-1616</subfield>
    </datafield>
    <datafield tag="400" ind1="1" ind2=" ">
      <subfield code="a">Shex'pir, Wil'yam</subfield>
      <subfield code="d">1564-1616</subfield>
    </datafield>
    <datafield tag="400" ind1="0" ind2=" ">
      <subfield code="a">Shig-si-phi-ya</subfield>
      <subfield code="d">1564-1616</subfield>
    </datafield>
    <datafield tag="400" ind1="0" ind2=" ">
      <subfield code="a">Sheg-si-phi-yar</subfield>
      <subfield code="d">1564-1616</subfield>
    </datafield>
    <datafield tag="400" ind1="1" ind2=" ">
      <subfield code="a">Šiksbīr, Wīlīam</subfield>
      <subfield code="d">1564-1616</subfield>
    </datafield>
    <datafield tag="400" ind1="1" ind2=" ">
      <subfield code="a">Šiksbīr, Willyam</subfield>
      <subfield code="d">1564-1616</subfield>
    </datafield>
    <datafield tag="400" ind1="1" ind2=" ">
      <subfield code="a">Šikspīr, Wīlīam</subfield>
      <subfield code="d">1564-1616</subfield>
    </datafield>
    <datafield tag="400" ind1="1" ind2=" ">
      <subfield code="a">Szekspir, Wiliam</subfield>
      <subfield code="d">1564-1616</subfield>
    </datafield>
    <datafield tag="400" ind1="1" ind2=" ">
      <subfield code="a">Szekspir, William</subfield>
      <subfield code="d">1564-1616</subfield>
    </datafield>
    <datafield tag="400" ind1="1" ind2=" ">
      <subfield code="a">Sheḳspir, Ṿiliyam</subfield>
      <subfield code="d">1564-1616</subfield>
    </datafield>
    <datafield tag="400" ind1="1" ind2=" ">
      <subfield code="a">Schakespeare, William</subfield>
      <subfield code="d">1564-1616</subfield>
    </datafield>
    <datafield tag="400" ind1="1" ind2=" ">
      <subfield code="a">Šaksbīr, Wiliyam</subfield>
      <subfield code="d">1564-1616</subfield>
    </datafield>
    <datafield tag="400" ind1="0" ind2=" ">
      <subfield code="a">Shashibiya</subfield>
      <subfield code="d">1564-1616</subfield>
    </datafield>
    <datafield tag="400" ind1="0" ind2=" ">
      <subfield code="a">Shakspere</subfield>
      <subfield code="d">1564-1616</subfield>
    </datafield>
    <datafield tag="400" ind1="1" ind2=" ">
      <subfield code="a">Šekspir, Uil'jam</subfield>
      <subfield code="d">1564-1616</subfield>
      <subfield code="9">v:Sowj. Enz</subfield>
    </datafield>
    <datafield tag="400" ind1="0" ind2=" ">
      <subfield code="a">Shakespear</subfield>
      <subfield code="d">1564-1616</subfield>
    </datafield>
    <datafield tag="400" ind1="0" ind2=" ">
      <subfield code="a">Saixpēr</subfield>
      <subfield code="d">1564-1616</subfield>
    </datafield>
    <datafield tag="400" ind1="0" ind2=" ">
      <subfield code="a">Sakespeiros</subfield>
      <subfield code="d">1564-1616</subfield>
    </datafield>
    <datafield tag="400" ind1="1" ind2=" ">
      <subfield code="a">Shakesperae, William</subfield>
      <subfield code="d">1564-1616</subfield>
    </datafield>
    <datafield tag="400" ind1="0" ind2=" ">
      <subfield code="a">Shackespear</subfield>
      <subfield code="d">1564-1616</subfield>
    </datafield>
    <datafield tag="400" ind1="1" ind2=" ">
      <subfield code="a">S., W.</subfield>
      <subfield code="d">1564-1616</subfield>
    </datafield>
    <datafield tag="400" ind1="1" ind2=" ">
      <subfield code="a">Shakespeare, Guglielmo</subfield>
      <subfield code="d">1564-1616</subfield>
    </datafield>
    <datafield tag="400" ind1="1" ind2=" ">
      <subfield code="a">S̆ekspir, Vilʹjam</subfield>
      <subfield code="d">1564-1616</subfield>
    </datafield>
    <datafield tag="400" ind1="1" ind2=" ">
      <subfield code="a">S̆ekspir, Viljem</subfield>
      <subfield code="d">1564-1616</subfield>
    </datafield>
    <datafield tag="400" ind1="1" ind2=" ">
      <subfield code="a">S̆ekspyras, Viljamas</subfield>
      <subfield code="d">1564-1616</subfield>
    </datafield>
    <datafield tag="400" ind1="1" ind2=" ">
      <subfield code="a">S̆ekhspiri, Wiliam</subfield>
      <subfield code="d">1564-1616</subfield>
    </datafield>
    <datafield tag="400" ind1="1" ind2=" ">
      <subfield code="a">Chakespear, William</subfield>
      <subfield code="d">1564-1616</subfield>
    </datafield>
    <datafield tag="400" ind1="1" ind2=" ">
      <subfield code="a">Sakespear, William</subfield>
      <subfield code="d">1564-1616</subfield>
    </datafield>
    <datafield tag="400" ind1="1" ind2=" ">
      <subfield code="a">Shakspeare, Wilhelm</subfield>
      <subfield code="d">1564-1616</subfield>
    </datafield>
    <datafield tag="400" ind1="0" ind2=" ">
      <subfield code="a">Šekspir</subfield>
      <subfield code="d">1564-1616</subfield>
    </datafield>
    <datafield tag="400" ind1="1" ind2=" ">
      <subfield code="a">Shak-speare, William</subfield>
      <subfield code="d">1564-1616</subfield>
    </datafield>
    <datafield tag="400" ind1="1" ind2=" ">
      <subfield code="a">Šekspir, Vilém</subfield>
      <subfield code="d">1564-1616</subfield>
    </datafield>
    <datafield tag="400" ind1="0" ind2=" ">
      <subfield code="a">Šekspire</subfield>
      <subfield code="d">1564-1616</subfield>
    </datafield>
    <datafield tag="400" ind1="1" ind2=" ">
      <subfield code="a">Shaksper, William</subfield>
      <subfield code="d">1564-1616</subfield>
    </datafield>
    <datafield tag="400" ind1="1" ind2=" ">
      <subfield code="a">Szekspir, Wiljam</subfield>
      <subfield code="d">1564-1616</subfield>
    </datafield>
    <datafield tag="400" ind1="1" ind2=" ">
      <subfield code="a">Saíxpēr, Uílliam</subfield>
      <subfield code="d">1564-1616</subfield>
    </datafield>
    <datafield tag="400" ind1="1" ind2=" ">
      <subfield code="a">Sakespeĩros, Uíi͏̈lliam</subfield>
      <subfield code="d">1564-1616</subfield>
    </datafield>
    <datafield tag="400" ind1="1" ind2=" ">
      <subfield code="a">Schekspirs, Wiljams</subfield>
      <subfield code="d">1564-1616</subfield>
    </datafield>
    <datafield tag="400" ind1="1" ind2=" ">
      <subfield code="a">Sekspiri, Viliam</subfield>
      <subfield code="d">1564-1616</subfield>
    </datafield>
    <datafield tag="400" ind1="1" ind2=" ">
      <subfield code="a">Shekspir, Uiliem</subfield>
      <subfield code="d">1564-1616</subfield>
    </datafield>
    <datafield tag="400" ind1="1" ind2=" ">
      <subfield code="a">Sekspir, Vilijam</subfield>
      <subfield code="d">1564-1616</subfield>
    </datafield>
    <datafield tag="400" ind1="1" ind2=" ">
      <subfield code="a">Bacon-Shakespeare, Francis</subfield>
      <subfield code="d">1564-1616</subfield>
    </datafield>
    <datafield tag="400" ind1="0" ind2=" ">
      <subfield code="a">Pseudo-Shakespeare</subfield>
      <subfield code="d">1564-1616</subfield>
    </datafield>
    <datafield tag="400" ind1="1" ind2=" ">
      <subfield code="a">Šekspir, U.</subfield>
      <subfield code="d">1564-1616</subfield>
    </datafield>
    <datafield tag="400" ind1="1" ind2=" ">
      <subfield code="a">Shaekespeare, William</subfield>
      <subfield code="d">1564-1616</subfield>
    </datafield>
    <datafield tag="400" ind1="1" ind2=" ">
      <subfield code="a">Shakespear, Wilhelm</subfield>
      <subfield code="d">1564-1616</subfield>
    </datafield>
    <datafield tag="400" ind1="1" ind2=" ">
      <subfield code="a">Shakespear, Willhelm</subfield>
      <subfield code="d">1564-1616</subfield>
    </datafield>
    <datafield tag="400" ind1="1" ind2=" ">
      <subfield code="a">Shakespere, William</subfield>
      <subfield code="d">1564-1616</subfield>
    </datafield>
    <datafield tag="400" ind1="1" ind2=" ">
      <subfield code="a">Shakspear, William</subfield>
      <subfield code="d">1564-1616</subfield>
    </datafield>
    <datafield tag="400" ind1="1" ind2=" ">
      <subfield code="a">Shakspere, William</subfield>
      <subfield code="d">1564-1616</subfield>
    </datafield>
    <datafield tag="400" ind1="0" ind2=" ">
      <subfield code="a">Šekspyras</subfield>
      <subfield code="d">1564-1616</subfield>
    </datafield>
    <datafield tag="400" ind1="1" ind2=" ">
      <subfield code="a">Šekspir, Uilʹjam</subfield>
      <subfield code="d">1564-1616</subfield>
    </datafield>
    <datafield tag="400" ind1="1" ind2=" ">
      <subfield code="a">Shakespere, Vilmos</subfield>
      <subfield code="d">1564-1616</subfield>
    </datafield>
    <datafield tag="400" ind1="1" ind2=" ">
      <subfield code="a">Šekspir, Uiljam</subfield>
      <subfield code="d">1564-1616</subfield>
    </datafield>
    <datafield tag="400" ind1="1" ind2=" ">
      <subfield code="a">Šekspir, Villiam</subfield>
      <subfield code="d">1564-1616</subfield>
    </datafield>
    <datafield tag="400" ind1="1" ind2=" ">
      <subfield code="a">Sheḳspir, Ṿilyam</subfield>
      <subfield code="d">1564-1616</subfield>
    </datafield>
    <datafield tag="400" ind1="0" ind2=" ">
      <subfield code="a">Sheḳsper</subfield>
      <subfield code="d">1564-1616</subfield>
    </datafield>
    <datafield tag="400" ind1="1" ind2=" ">
      <subfield code="9">U:Latn</subfield>
      <subfield code="a">Shekspir, Uiljjam</subfield>
      <subfield code="d">1564-1616</subfield>
      <subfield code="9">v:mon</subfield>
    </datafield>
    <datafield tag="400" ind1="1" ind2=" ">
      <subfield code="9">U:Cyrl</subfield>
      <subfield code="a">Шэкспир, Уильям</subfield>
      <subfield code="d">1564-1616</subfield>
      <subfield code="9">v:mon</subfield>
    </datafield>
    <datafield tag="400" ind1="0" ind2=" ">
      <subfield code="9">U:Hans</subfield>
      <subfield code="a">莎士比亚</subfield>
      <subfield code="d">1564-1616</subfield>
    </datafield>
    <datafield tag="400" ind1="1" ind2=" ">
      <subfield code="9">U:Arab</subfield>
      <subfield code="9">L:uig</subfield>
      <subfield code="a">شېكېسپېر, ۋىليام</subfield>
      <subfield code="d">1564-1616</subfield>
    </datafield>
    <datafield tag="400" ind1="1" ind2=" ">
      <subfield code="9">U:Hebr</subfield>
      <subfield code="a">שקספיר, וילים </subfield>
      <subfield code="d">1564-1616</subfield>
      <subfield code="5">CH-ZuUH</subfield>
    </datafield>
    <datafield tag="400" ind1="0" ind2=" ">
      <subfield code="9">U:Hebr</subfield>
      <subfield code="a">שקספער</subfield>
      <subfield code="d">1564-1616</subfield>
    </datafield>
    <datafield tag="510" ind1="2" ind2=" ">
      <subfield code="0">(DE-101)000370975</subfield>
      <subfield code="0">(DE-588)37097-6</subfield>
      <subfield code="0">https://d-nb.info/gnd/37097-6</subfield>
      <subfield code="a">Deutsche Shakespeare-Gesellschaft</subfield>
      <subfield code="4">rela</subfield>
      <subfield code="4">https://d-nb.info/standards/elementset/gnd#relatedCorporateBody</subfield>
      <subfield code="w">r</subfield>
      <subfield code="i">Relation allgemein</subfield>
      <subfield code="e">Relation allgemein</subfield>
    </datafield>
    <datafield tag="548" ind1=" " ind2=" ">
      <subfield code="a">1564-1616</subfield>
      <subfield code="4">datl</subfield>
      <subfield code="4">https://d-nb.info/standards/elementset/gnd#dateOfBirthAndDeath</subfield>
      <subfield code="w">r</subfield>
      <subfield code="i">Lebensdaten</subfield>
    </datafield>
    <datafield tag="548" ind1=" " ind2=" ">
      <subfield code="a">23.04.1564-23.04.1616</subfield>
      <subfield code="4">datx</subfield>
      <subfield code="4">https://d-nb.info/standards/elementset/gnd#dateOfBirthAndDeath</subfield>
      <subfield code="w">r</subfield>
      <subfield code="i">Exakte Lebensdaten</subfield>
    </datafield>
    <datafield tag="550" ind1=" " ind2=" ">
      <subfield code="0">(DE-101)040533093</subfield>
      <subfield code="0">(DE-588)4053309-8</subfield>
      <subfield code="0">https://d-nb.info/gnd/4053309-8</subfield>
      <subfield code="a">Schriftsteller</subfield>
      <subfield code="4">berc</subfield>
      <subfield code="4">https://d-nb.info/standards/elementset/gnd#professionOrOccupation</subfield>
      <subfield code="w">r</subfield>
      <subfield code="i">Charakteristischer Beruf</subfield>
    </datafield>
    <datafield tag="550" ind1=" " ind2=" ">
      <subfield code="0">(DE-101)041402413</subfield>
      <subfield code="0">(DE-588)4140241-8</subfield>
      <subfield code="0">https://d-nb.info/gnd/4140241-8</subfield>
      <subfield code="a">Dramatiker</subfield>
      <subfield code="4">beru</subfield>
      <subfield code="4">https://d-nb.info/standards/elementset/gnd#professionOrOccupation</subfield>
      <subfield code="w">r</subfield>
      <subfield code="i">Beruf</subfield>
    </datafield>
    <datafield tag="550" ind1=" " ind2=" ">
      <subfield code="0">(DE-101)041683919</subfield>
      <subfield code="0">(DE-588)4168391-2</subfield>
      <subfield code="0">https://d-nb.info/gnd/4168391-2</subfield>
      <subfield code="a">Lyriker</subfield>
      <subfield code="4">beru</subfield>
      <subfield code="4">https://d-nb.info/standards/elementset/gnd#professionOrOccupation</subfield>
      <subfield code="w">r</subfield>
      <subfield code="i">Beruf</subfield>
    </datafield>
    <datafield tag="550" ind1=" " ind2=" ">
      <subfield code="0">(DE-101)040521540</subfield>
      <subfield code="0">(DE-588)4052154-0</subfield>
      <subfield code="0">https://d-nb.info/gnd/4052154-0</subfield>
      <subfield code="a">Schauspieler</subfield>
      <subfield code="4">beru</subfield>
      <subfield code="4">https://d-nb.info/standards/elementset/gnd#professionOrOccupation</subfield>
      <subfield code="w">r</subfield>
      <subfield code="i">Beruf</subfield>
    </datafield>
    <datafield tag="551" ind1=" " ind2=" ">
      <subfield code="0">(DE-101)041188497</subfield>
      <subfield code="0">(DE-588)4118849-4</subfield>
      <subfield code="0">https://d-nb.info/gnd/4118849-4</subfield>
      <subfield code="a">Stratford-upon-Avon</subfield>
      <subfield code="4">ortg</subfield>
      <subfield code="4">https://d-nb.info/standards/elementset/gnd#placeOfBirth</subfield>
      <subfield code="w">r</subfield>
      <subfield code="i">Geburtsort</subfield>
    </datafield>
    <datafield tag="551" ind1=" " ind2=" ">
      <subfield code="0">(DE-101)041188497</subfield>
      <subfield code="0">(DE-588)4118849-4</subfield>
      <subfield code="0">https://d-nb.info/gnd/4118849-4</subfield>
      <subfield code="a">Stratford-upon-Avon</subfield>
      <subfield code="4">orts</subfield>
      <subfield code="4">https://d-nb.info/standards/elementset/gnd#placeOfDeath</subfield>
      <subfield code="w">r</subfield>
      <subfield code="i">Sterbeort</subfield>
    </datafield>
    <datafield tag="667" ind1=" " ind2=" ">
      <subfield code="a">Bearbeitungssperre (Top500) - Änderungswünsche an DNB</subfield>
    </datafield>
    <datafield tag="667" ind1=" " ind2=" ">
      <subfield code="a">12</subfield>
    </datafield>
    <datafield tag="667" ind1=" " ind2=" ">
      <subfield code="a">7</subfield>
    </datafield>
    <datafield tag="667" ind1=" " ind2=" ">
      <subfield code="a">384</subfield>
    </datafield>
    <datafield tag="667" ind1=" " ind2=" ">
      <subfield code="a">OENAK</subfield>
    </datafield>
    <datafield tag="667" ind1=" " ind2=" ">
      <subfield code="a">VD-18</subfield>
    </datafield>
    <datafield tag="670" ind1=" " ind2=" ">
      <subfield code="a">M</subfield>
    </datafield>
    <datafield tag="670" ind1=" " ind2=" ">
      <subfield code="a">Wikipedia</subfield>
    </datafield>
    <datafield tag="670" ind1=" " ind2=" ">
      <subfield code="a">LCAuth</subfield>
    </datafield>
    <datafield tag="678" ind1=" " ind2=" ">
      <subfield code="b">Engl. Dichter und Dramatiker</subfield>
    </datafield>
    <datafield tag="700" ind1="1" ind2="7">
      <subfield code="a">Shakespeare, William</subfield>
      <subfield code="d">1564-1616</subfield>
      <subfield code="0">(DLC)n 78095332</subfield>
      <subfield code="2">naf</subfield>
      <subfield code="9">v:1564-1616</subfield>
    </datafield>
    <datafield tag="700" ind1="0" ind2="4">
      <subfield code="9">U:Hant</subfield>
      <subfield code="a">沙士比亞</subfield>
      <subfield code="d">1564-1616</subfield>
      <subfield code="5">DE-576</subfield>
    </datafield>
    <datafield tag="700" ind1="0" ind2="4">
      <subfield code="9">U:Arab</subfield>
      <subfield code="9">L:uig</subfield>
      <subfield code="a">شېكېسپېر</subfield>
      <subfield code="d">1564-1616</subfield>
    </datafield>
    <datafield tag="700" ind1="1" ind2="7">
      <subfield code="9">U:Hebr</subfield>
      <subfield code="a">שיקספיר, ויליאם </subfield>
      <subfield code="d">1564-1616</subfield>
      <subfield code="2">bhb</subfield>
      <subfield code="5">CH-ZuUH</subfield>
    </datafield>
    <datafield tag="913" ind1=" " ind2=" ">
      <subfield code="S">pnd</subfield>
      <subfield code="i">a</subfield>
      <subfield code="a">Shakespeare, William</subfield>
      <subfield code="0">(DE-588a)118613723</subfield>
    </datafield>
  </record>
